%https://cloud.acrobat.com/folder/c7eabbff-5c65-4cc7-bb23-aa59f73767bf